<collection xmlns="http://www.loc.gov/MARC21/slim"><record><leader>00844nam  2200229   450</leader><controlfield tag="001">273</controlfield><controlfield tag="003">http://montalegre.opacnet.com/OPAC/default.aspx?ContentAreaControl=ShowRegHoldings.ascx&amp;RegNo=16662</controlfield><datafield tag="095" ind1=" " ind2=" "><subfield code="a">PTBN00284903</subfield></datafield><datafield tag="100" ind1=" " ind2=" "><subfield code="a">20061013d1975    m  y0pora010305  ba</subfield></datafield><datafield tag="101" ind1="1" ind2=" "><subfield code="a">por</subfield><subfield code="c">eng</subfield></datafield><datafield tag="102" ind1=" " ind2=" "><subfield code="a">PT</subfield></datafield><datafield tag="200" ind1="1" ind2=" "><subfield code="a">&lt;O &gt;homem e o espectro</subfield><subfield code="f">Charles John Huffmam Dickens</subfield><subfield code="g">trad. de Maria Graciete Alves</subfield></datafield><datafield tag="210" ind1=" " ind2=" "><subfield code="a">Lisboa</subfield><subfield code="c">Editors Associadod</subfield><subfield code="d">[D.L. 1975]</subfield></datafield><datafield tag="215" ind1=" " ind2=" "><subfield code="a">172, [1] p.</subfield><subfield code="d">18 cm</subfield></datafield><datafield tag="225" ind1="2" ind2=" "><subfield code="a">Livros unibolso</subfield><subfield code="v">85</subfield></datafield><datafield tag="304" ind1=" " ind2=" "><subfield code="a">Tít. orig.: The haunted man and the ghost's bargain</subfield></datafield><datafield tag="675" ind1=" " ind2=" "><subfield code="a">821</subfield><subfield code="v">BN</subfield><subfield code="z">por</subfield></datafield><datafield tag="700" ind1=" " ind2="1"><subfield code="a">Dickens</subfield><subfield code="b">CharlesCharles John Huffam</subfield><subfield code="f">1812-1870</subfield></datafield><datafield tag="702" ind1=" " ind2="1"><subfield code="a">Alves</subfield><subfield code="b">Maria Graciete</subfield><subfield code="4">730</subfield></datafield><datafield tag="801" ind1=" " ind2="0"><subfield code="a">PT</subfield><subfield code="b">Biblioteca Municipal de Montalegre</subfield><subfield code="g">RPC</subfield></datafield><datafield tag="856" ind1=" " ind2=" "><subfield code="u">locateMedia.asp?cod=20060511094607&amp;ext=jpg</subfield><subfield code="z">CAPA</subfield></datafield><datafield tag="909" ind1="&#9;" ind2=" "><subfield code="a">2</subfield></datafield><datafield tag="966" ind1=" " ind2=" "><subfield code="a">0008102</subfield><subfield code="l">BMM</subfield><subfield code="s">SCG 821 DIC hom</subfield></datafield><datafield tag="966" ind1=" " ind2=" "><subfield code="a">0008103</subfield><subfield code="l">BMM</subfield><subfield code="s">SCG 821 DIC hom</subfield></datafield></record></collection>